@article{runtimeVerification,
  doi = {10.1017/s0956796820000210},
  url = {https://doi.org/10.1017/s0956796820000210},
  year = {2020},
  publisher = {Cambridge University Press ({CUP})},
  volume = {30},
  author = {Ivan Perez and Henrik Nilsson},
  title = {Runtime verification and validation of functional reactive systems},
  journal = {Journal of Functional Programming}
}
@inproceedings{LogicInCS,
  title={Logic in computer science - modelling and reasoning about systems (2. ed.)},
  author={Michael Huth and Mark Ryan},
  year={2000}
}
@article{rattus,
  doi = {10.1017/s0956796822000132},
  url = {https://doi.org/10.1017/s0956796822000132},
  year = {2022},
  publisher = {Cambridge University Press ({CUP})},
  volume = {32},
  author = {Patrick Bahr},
  title = {Modal {FRP} for all: Functional reactive programming without space leaks in Haskell},
  journal = {Journal of Functional Programming}
}
@article{quickstrom,
    title={Quickstrom: Property-based acceptance testing with LTL specifications}, 
    DOI={10.5281/zenodo.6416483}, 
    abstractNote={<p>This is the research artifact for peer review, for the Quickstrom property-based testing tool.<br> <br> Please see the attached README.txt for more information.</p>}, publisher={Zenodo},
    author={O'Connor, Liam and Wickstr√∂m, Oskar},
    year={2022},
    month={Mar}
}
@article{quickCheck,
  doi = {10.1145/357766.351266},
  url = {https://doi.org/10.1145/357766.351266},
  year = {2000},
  month = sep,
  publisher = {Association for Computing Machinery ({ACM})},
  volume = {35},
  number = {9},
  pages = {268--279},
  author = {Koen Claessen and John Hughes},
  title = {{QuickCheck}},
  journal = {{ACM} {SIGPLAN} Notices}
}
@incollection{yampa,
  doi = {10.1007/978-3-540-44833-4_6},
  url = {https://doi.org/10.1007/978-3-540-44833-4_6},
  year = {2003},
  publisher = {Springer Berlin Heidelberg},
  pages = {159--187},
  author = {Paul Hudak and Antony Courtney and Henrik Nilsson and John Peterson},
  title = {Arrows,  Robots,  and Functional Reactive Programming},
  booktitle = {Advanced Functional Programming}
}
 @InProceedings{fran,
   title        = {Functional Reactive Animation},
   url          = {http://conal.net/papers/icfp97/},
   author       = "Conal Elliott and Paul Hudak",
   booktitle    = "International Conference on Functional Programming",
   year         = 1997
 }

